<record><leader>00000cas a2200000 a 4500</leader><controlfield tag="001">191227414</controlfield><controlfield tag="008">920722d18731888mausr pe      0    0eng d</controlfield><datafield ind1=" " ind2=" " tag="010"><subfield code="a">sn 91063104 </subfield></datafield><datafield ind1=" " ind2=" " tag="040"><subfield code="a">AQM</subfield><subfield code="b">eng</subfield><subfield code="c">AQM</subfield><subfield code="d">BTS</subfield><subfield code="d">NVH</subfield><subfield code="d">OCLCQ</subfield><subfield code="d">OCLCF</subfield><subfield code="d">OCLCO</subfield><subfield code="d">OCLCQ</subfield></datafield><datafield ind1=" " ind2=" " tag="019"><subfield code="a">8782814</subfield></datafield><datafield ind1=" " ind2="4" tag="050"><subfield code="a">BV1500</subfield><subfield code="b">.L5</subfield></datafield><datafield ind1="0" ind2=" " tag="130"><subfield code="a">Little star (Boston, Mass.)</subfield></datafield><datafield ind1="1" ind2="4" tag="245"><subfield code="a">The little star.</subfield></datafield><datafield ind1=" " ind2=" " tag="260"><subfield code="a">Boston :</subfield><subfield code="b">Freewill Baptist Printing Establishment</subfield></datafield><datafield ind1=" " ind2=" " tag="300"><subfield code="a">volumes :</subfield><subfield code="b">illustrations ;</subfield><subfield code="c">37 cm</subfield></datafield><datafield ind1=" " ind2=" " tag="310"><subfield code="a">Semimonthly</subfield></datafield><datafield ind1=" " ind2=" " tag="336"><subfield code="a">text</subfield><subfield code="b">txt</subfield><subfield code="2">rdacontent</subfield></datafield><datafield ind1=" " ind2=" " tag="337"><subfield code="a">unmediated</subfield><subfield code="b">n</subfield><subfield code="2">rdamedia</subfield></datafield><datafield ind1=" " ind2=" " tag="338"><subfield code="a">volume</subfield><subfield code="b">nc</subfield><subfield code="2">rdacarrier</subfield></datafield><datafield ind1="1" ind2=" " tag="362"><subfield code="a">Began in 1873; ceased in 1888?</subfield><subfield code="z">Cf. ULS.</subfield></datafield><datafield ind1="0" ind2=" " tag="588"><subfield code="a">Vol. 4, no. 1 (Jan. 8, 1876); title from caption.</subfield></datafield><datafield ind1=" " ind2="0" tag="650"><subfield code="a">Baptists</subfield><subfield code="v">Periodicals.</subfield></datafield><datafield ind1=" " ind2="7" tag="650"><subfield code="a">Baptists.</subfield><subfield code="2">fast</subfield><subfield code="0">(OCoLC)fst00827285</subfield></datafield><datafield ind1=" " ind2="4" tag="655"><subfield code="a">Children's periodicals.</subfield></datafield><datafield ind1=" " ind2="4" tag="655"><subfield code="a">Religious periodicals.</subfield></datafield><datafield ind1=" " ind2="7" tag="655"><subfield code="a">Periodicals.</subfield><subfield code="2">fast</subfield><subfield code="0">(OCoLC)fst01411641</subfield></datafield><datafield ind1=" " ind2="7" tag="655"><subfield code="a">Juvenile literature</subfield><subfield code="x">Periodicals.</subfield><subfield code="2">rbgenr</subfield></datafield><datafield ind1=" " ind2=" " tag="752"><subfield code="a">United States</subfield><subfield code="b">Massachusetts</subfield><subfield code="d">Boston.</subfield></datafield></record>